@article{simonyan2014very,
  title={Very deep convolutional networks for large-scale image recognition},
  author={Simonyan, Karen and Zisserman, Andrew},
  journal={arXiv preprint arXiv:1409.1556},
  year={2014}
}

@inproceedings{szegedy2015going,
  title={Going deeper with convolutions},
  author={Szegedy, Christian and Liu, Wei and Jia, Yangqing and Sermanet, Pierre and Reed, Scott and Anguelov, Dragomir and Erhan, Dumitru and Vanhoucke, Vincent and Rabinovich, Andrew},
  booktitle={Proceedings of the IEEE conference on computer vision and pattern recognition},
  pages={1--9},
  year={2015}
}

@inproceedings{he2016deep,
  title={Deep residual learning for image recognition},
  author={He, Kaiming and Zhang, Xiangyu and Ren, Shaoqing and Sun, Jian},
  booktitle={Proceedings of the IEEE conference on computer vision and pattern recognition},
  pages={770--778},
  year={2016}
}

@inproceedings{huang2017densely,
  title={Densely connected convolutional networks},
  author={Huang, Gao and Liu, Zhuang and Van Der Maaten, Laurens and Weinberger, Kilian Q},
  booktitle={Proceedings of the IEEE conference on computer vision and pattern recognition},
  pages={4700--4708},
  year={2017}
}

@article{lin2013network,
  title={Network in network},
  author={Lin, Min and Chen, Qiang and Yan, Shuicheng},
  journal={arXiv preprint arXiv:1312.4400},
  year={2013}
}

@book{eberhart2001swarm,
  title={Swarm intelligence},
  author={Eberhart, Russell C and Shi, Yuhui and Kennedy, James},
  year={2001},
  publisher={Elsevier}
}

@article{holland1992genetic,
  title={Genetic algorithms},
  author={Holland, John H},
  journal={Scientific american},
  volume={267},
  number={1},
  pages={66--73},
  year={1992},
  publisher={JSTOR}
}

@article{sahu2012fast,
	title={Fast convergence particle swarm optimization for functions optimization},
	author={Sahu, Amaresh and Panigrahi, Sushanta Kumar and Pattnaik, Sabyasachi},
	journal={Procedia Technology},
	volume={4},
	pages={319--324},
	year={2012},
	publisher={Elsevier}
}

@article{hu2013adaptive,
	title={Adaptive multiobjective particle swarm optimization based on parallel cell coordinate system},
	author={Hu, Wang and Yen, Gary G},
	journal={IEEE Transactions on Evolutionary Computation},
	volume={19},
	number={1},
	pages={1--18},
	year={2013},
	publisher={IEEE}
}